{
  "series": [
    {
      "date": "2025-07-17",
      "price": 0.004970161756,
      "revenue": 210333.2400902924
    },
    {
      "date": "2025-07-18",
      "price": 0.004235345143,
      "revenue": 156727.0813368118
    },
    {
      "date": "2025-07-19",
      "price": 0.004113324236,
      "revenue": 0.0
    },
    {
      "date": "2025-07-20",
      "price": 0.004244719195,
      "revenue": 123720.9930290153
    },
    {
      "date": "2025-07-21",
      "price": 0.004162722242,
      "revenue": 0.0
    },
    {
      "date": "2025-07-22",
      "price": 0.003799135879,
      "revenue": 266832.7848831031
    },
    {
      "date": "2025-07-23",
      "price": 0.003081476992,
      "revenue": 178672.4702143075
    },
    {
      "date": "2025-07-24",
      "price": 0.002646870088,
      "revenue": 125209.719916129
    },
    {
      "date": "2025-07-25",
      "price": 0.002735397997,
      "revenue": 95210.59656771459
    },
    {
      "date": "2025-07-26",
      "price": 0.002841769699,
      "revenue": 75368.72606509319
    },
    {
      "date": "2025-07-27",
      "price": 0.002617558264,
      "revenue": 58549.81521077224
    },
    {
      "date": "2025-07-28",
      "price": 0.002445470849,
      "revenue": 247997.8800422439
    },
    {
      "date": "2025-07-29",
      "price": 0.002801922026,
      "revenue": 457805.0414267232
    },
    {
      "date": "2025-07-30",
      "price": 0.002733441299,
      "revenue": 293612.0650851873
    },
    {
      "date": "2025-07-31",
      "price": 0.002521541522,
      "revenue": 210861.7604438175
    },
    {
      "date": "2025-08-01",
      "price": 0.002579684353,
      "revenue": 256195.9233056411
    },
    {
      "date": "2025-08-02",
      "price": 0.002741457509,
      "revenue": 196232.114200366
    },
    {
      "date": "2025-08-03",
      "price": 0.002913488481,
      "revenue": 319107.4615380825
    },
    {
      "date": "2025-08-04",
      "price": 0.003120251996,
      "revenue": 198701.2500008581
    },
    {
      "date": "2025-08-05",
      "price": 0.003242998578,
      "revenue": 325407.0252885274
    },
    {
      "date": "2025-08-06",
      "price": 0.003418170741,
      "revenue": 827272.801052659
    },
    {
      "date": "2025-08-07",
      "price": 0.003566142264,
      "revenue": 1601979.556503829
    },
    {
      "date": "2025-08-08",
      "price": 0.00338893068,
      "revenue": 1421326.491391914
    },
    {
      "date": "2025-08-09",
      "price": 0.003138500369,
      "revenue": 0.0
    },
    {
      "date": "2025-08-10",
      "price": 0.003114112851,
      "revenue": 2812446.895198384
    },
    {
      "date": "2025-08-11",
      "price": 0.003447067124,
      "revenue": 1436108.109228435
    },
    {
      "date": "2025-08-12",
      "price": 0.004006573941,
      "revenue": 1991988.351435506
    },
    {
      "date": "2025-08-13",
      "price": 0.003981437279,
      "revenue": 2010892.40663175
    },
    {
      "date": "2025-08-14",
      "price": 0.003617104816,
      "revenue": 2552711.47333068
    },
    {
      "date": "2025-08-15",
      "price": 0.003470890578,
      "revenue": 1917965.795154551
    },
    {
      "date": "2025-08-16",
      "price": 0.00349364318,
      "revenue": 1634051.786454296
    },
    {
      "date": "2025-08-17",
      "price": 0.003665794257,
      "revenue": 1573311.44596715
    },
    {
      "date": "2025-08-18",
      "price": 0.003108979252,
      "revenue": 1478546.416910873
    },
    {
      "date": "2025-08-19",
      "price": 0.002816448623,
      "revenue": 1844270.779007387
    },
    {
      "date": "2025-08-20",
      "price": 0.003139070129,
      "revenue": 1369569.560419691
    },
    {
      "date": "2025-08-21",
      "price": 0.002803799738,
      "revenue": 1561232.95232444
    },
    {
      "date": "2025-08-22",
      "price": 0.003205367579,
      "revenue": 1083349.979269109
    },
    {
      "date": "2025-08-23",
      "price": 0.003131472093,
      "revenue": 2109413.227462938
    },
    {
      "date": "2025-08-24",
      "price": 0.002918214645,
      "revenue": 1508446.207523888
    },
    {
      "date": "2025-08-25",
      "price": 0.002643021633,
      "revenue": 1394546.758881301
    },
    {
      "date": "2025-08-26",
      "price": 0.002871998383,
      "revenue": 1630943.701165035
    },
    {
      "date": "2025-08-27",
      "price": 0.003012184107,
      "revenue": 1937123.032142424
    },
    {
      "date": "2025-08-28",
      "price": 0.003510745103,
      "revenue": 2290708.091876716
    },
    {
      "date": "2025-08-29",
      "price": 0.003503485701,
      "revenue": 2237396.887489909
    },
    {
      "date": "2025-08-30",
      "price": 0.003435799933,
      "revenue": 1674321.55126785
    },
    {
      "date": "2025-08-31",
      "price": 0.003354801131,
      "revenue": 1323560.904889613
    },
    {
      "date": "2025-09-01",
      "price": 0.003382808093,
      "revenue": 1304877.521290595
    },
    {
      "date": "2025-09-02",
      "price": 0.003903941626,
      "revenue": 1456050.046892422
    },
    {
      "date": "2025-09-03",
      "price": 0.004068856671,
      "revenue": 1905466.950694791
    },
    {
      "date": "2025-09-04",
      "price": 0.004281503808,
      "revenue": 2466916.580157448
    },
    {
      "date": "2025-09-05",
      "price": 0.004634696897,
      "revenue": 2119934.697372232
    },
    {
      "date": "2025-09-06",
      "price": 0.004540154301,
      "revenue": 1944934.199181359
    },
    {
      "date": "2025-09-07",
      "price": 0.004879209568,
      "revenue": 1563806.547277321
    },
    {
      "date": "2025-09-08",
      "price": 0.004742677982,
      "revenue": 1235135.921405354
    },
    {
      "date": "2025-09-09",
      "price": 0.0047715301,
      "revenue": 2523151.031790981
    },
    {
      "date": "2025-09-10",
      "price": 0.005633078093,
      "revenue": 2061244.835119297
    },
    {
      "date": "2025-09-11",
      "price": 0.005945824729,
      "revenue": 2583610.116772168
    },
    {
      "date": "2025-09-12",
      "price": 0.006215066592,
      "revenue": 2180418.641124538
    },
    {
      "date": "2025-09-13",
      "price": 0.00743347776,
      "revenue": 2337547.768474405
    },
    {
      "date": "2025-09-14",
      "price": 0.007985408341,
      "revenue": 2049319.924725501
    },
    {
      "date": "2025-09-15",
      "price": 0.008594428473,
      "revenue": 3056038.584597247
    },
    {
      "date": "2025-09-16",
      "price": 0.007828384711,
      "revenue": 3296848.191634227
    },
    {
      "date": "2025-09-17",
      "price": 0.008204662788,
      "revenue": 2922248.455420528
    },
    {
      "date": "2025-09-18",
      "price": 0.0078159059,
      "revenue": 2272127.40900419
    },
    {
      "date": "2025-09-19",
      "price": 0.007168984268,
      "revenue": 1828449.266824264
    },
    {
      "date": "2025-09-20",
      "price": 0.006973469997,
      "revenue": 1978827.36771061
    },
    {
      "date": "2025-09-21",
      "price": 0.006544458211,
      "revenue": 1430865.829609766
    },
    {
      "date": "2025-09-22",
      "price": 0.005679796382,
      "revenue": 1270823.507495465
    },
    {
      "date": "2025-09-23",
      "price": 0.005838761517,
      "revenue": 1344765.043106708
    },
    {
      "date": "2025-09-24",
      "price": 0.00563633762,
      "revenue": 1285443.07720006
    },
    {
      "date": "2025-09-25",
      "price": 0.005024652073,
      "revenue": 1198913.649963476
    },
    {
      "date": "2025-09-26",
      "price": 0.005250602227,
      "revenue": 1100045.994087778
    },
    {
      "date": "2025-09-27",
      "price": 0.005178172805,
      "revenue": 1169388.149910331
    },
    {
      "date": "2025-09-28",
      "price": 0.005966188454,
      "revenue": 967183.1661923009
    },
    {
      "date": "2025-09-29",
      "price": 0.005749194559,
      "revenue": 969558.1015360551
    },
    {
      "date": "2025-09-30",
      "price": 0.005952633256,
      "revenue": 1596143.514151935
    },
    {
      "date": "2025-10-01",
      "price": 0.007057289109,
      "revenue": 1674656.152635156
    },
    {
      "date": "2025-10-02",
      "price": 0.007038451387,
      "revenue": 1844736.326401823
    },
    {
      "date": "2025-10-03",
      "price": 0.006872283123,
      "revenue": 1722487.512291787
    },
    {
      "date": "2025-10-04",
      "price": 0.006687826827,
      "revenue": 1664135.736242471
    },
    {
      "date": "2025-10-05",
      "price": 0.006423462173,
      "revenue": 1181189.255931759
    },
    {
      "date": "2025-10-06",
      "price": 0.006209807018,
      "revenue": 1285794.916515773
    },
    {
      "date": "2025-10-07",
      "price": 0.006440794611,
      "revenue": 1709584.054673388
    },
    {
      "date": "2025-10-08",
      "price": 0.006163433806,
      "revenue": 1103730.547993378
    },
    {
      "date": "2025-10-09",
      "price": 0.005544391549,
      "revenue": 798695.6831684236
    },
    {
      "date": "2025-10-10",
      "price": 0.004051514663,
      "revenue": 1006069.098351629
    },
    {
      "date": "2025-10-11",
      "price": 0.003770045641,
      "revenue": 860729.9056038571
    },
    {
      "date": "2025-10-12",
      "price": 0.004332836725,
      "revenue": 748504.0358298796
    },
    {
      "date": "2025-10-13",
      "price": 0.004320662776,
      "revenue": 732639.6124569187
    },
    {
      "date": "2025-10-14",
      "price": 0.004109305915,
      "revenue": 966209.2050715125
    },
    {
      "date": "2025-10-15",
      "price": 0.003822171537,
      "revenue": 1158507.167324841
    },
    {
      "date": "2025-10-16",
      "price": 0.003458152214,
      "revenue": 1055691.001977184
    },
    {
      "date": "2025-10-17",
      "price": 0.003517643845,
      "revenue": 1172088.192345174
    },
    {
      "date": "2025-10-18",
      "price": 0.003957914606,
      "revenue": 975155.785678061
    },
    {
      "date": "2025-10-19",
      "price": 0.00390451832,
      "revenue": 1040587.239699163
    },
    {
      "date": "2025-10-20",
      "price": 0.003855370442,
      "revenue": 1079753.806553352
    },
    {
      "date": "2025-10-21",
      "price": 0.00368377838,
      "revenue": 1311940.499717452
    },
    {
      "date": "2025-10-22",
      "price": 0.00347601362,
      "revenue": 1284375.864907917
    },
    {
      "date": "2025-10-23",
      "price": 0.003812095783,
      "revenue": 1140106.519866839
    },
    {
      "date": "2025-10-24",
      "price": 0.004160655702,
      "revenue": 1281581.177989624
    },
    {
      "date": "2025-10-25",
      "price": 0.004146795216,
      "revenue": 1153308.589007516
    },
    {
      "date": "2025-10-26",
      "price": 0.00465625,
      "revenue": null
    }
  ]
}